<record xmlns="http://www.loc.gov/MARC21/slim" xmlns:xsi="http://www.w3.org/2001/XMLSchema-instance" xsi:schemaLocation="http://www.loc.gov/MARC21/slim http://www.loc.gov/standards/marcxml/schema/MARC21slim.xsd"><leader>01078cz   2200301n  4500</leader><controlfield tag="001">oca00373992 </controlfield><controlfield tag="005">20031023091002.0</controlfield><controlfield tag="008">800310n| acannaabn          |a aaa      </controlfield><datafield ind1=" " ind2=" " tag="010"><subfield code="a">n  79142770 </subfield></datafield><datafield ind1=" " ind2=" " tag="040"><subfield code="a">DLC</subfield><subfield code="b">eng</subfield><subfield code="c">DLC</subfield><subfield code="d">DLC</subfield><subfield code="d">ICU</subfield><subfield code="d">NNC</subfield><subfield code="d">DLC</subfield><subfield code="d">OCoLC</subfield><subfield code="d">IC</subfield><subfield code="d">DLC</subfield></datafield><datafield ind1="0" ind2=" " tag="100"><subfield code="a">Petronius Arbiter</subfield></datafield><datafield ind1="0" ind2=" " tag="400"><subfield code="a">Petron</subfield></datafield><datafield ind1="0" ind2=" " tag="400"><subfield code="a">Petronio</subfield></datafield><datafield ind1="0" ind2=" " tag="400"><subfield code="a">Petronius</subfield></datafield><datafield ind1="1" ind2=" " tag="400"><subfield code="a">Petronius, Gaius</subfield></datafield><datafield ind1="1" ind2=" " tag="400"><subfield code="a">Petronius, Titus</subfield></datafield><datafield ind1="1" ind2=" " tag="400"><subfield code="a">Petronius Arbiter, Titus</subfield></datafield><datafield ind1="1" ind2=" " tag="400"><subfield code="a">Pétrone, T.</subfield><subfield code="q">(Tite)</subfield></datafield><datafield ind1="0" ind2=" " tag="400"><subfield code="a">Petronio Arbitro</subfield></datafield><datafield ind1="1" ind2=" " tag="400"><subfield code="a">Petronio, Cayo</subfield></datafield><datafield ind1="1" ind2=" " tag="400"><subfield code="a">Petronio, Caio</subfield></datafield><datafield ind1=" " ind2=" " tag="670"><subfield code="a">Harpers dict. of classical lit. and antiquities, 1923</subfield><subfield code="b">(Petronius, Gaius, or (poss.) Titus; d. 66 A.D.)</subfield></datafield><datafield ind1=" " ind2=" " tag="670"><subfield code="a">His The satyr of Titus Petronius Arbiter, 1694.</subfield></datafield><datafield ind1=" " ind2=" " tag="670"><subfield code="a">His Le Satyricon de T. Pétrone, 1834-1835.</subfield></datafield><datafield ind1=" " ind2=" " tag="670"><subfield code="a">His I racconti del 'Satyricon', 1988:</subfield><subfield code="b">t.p. (Petronio Arbitro)</subfield></datafield><datafield ind1=" " ind2=" " tag="670"><subfield code="a">His Satyricon, 2000:</subfield><subfield code="b">CIP t.p. (Petronius)</subfield></datafield><datafield ind1=" " ind2=" " tag="670"><subfield code="a">El Satiricón, 2000, c1993:</subfield><subfield code="b">t.p. (Cayo Petronio)</subfield></datafield><datafield ind1=" " ind2=" " tag="670"><subfield code="a">Gaito, C. Caio Petronio, 1911-1914.</subfield></datafield></record>